<?xml version="1.0" encoding="UTF-8"?><collection xmlns="http://www.loc.gov/MARC21/slim"><record><leader>00596nam--2200181-i-4500</leader><controlfield tag="001">000033861</controlfield><controlfield tag="002">20161230</controlfield><controlfield tag="005">20170123180811</controlfield><controlfield tag="008">060222s1000------------r-----000-0-eng-d</controlfield><datafield ind1=" " ind2=" " tag="040"><subfield code="a">IFIN-HH</subfield></datafield><datafield ind1=" " ind2=" " tag="080"><subfield code="a">539.12(061.3)</subfield></datafield><datafield ind1="1" ind2=" " tag="100"><subfield code="a">Tran, Jean Thanh Van</subfield></datafield><datafield ind1="1" ind2="0" tag="245"><subfield code="a">Storage ring physics</subfield><subfield code="b">Proceedings of the international colloquium of the cnrs flaine-haute-savoie (france) february 22-28, 1976, moriond</subfield><subfield code="c">J.Tran Thanh Van (ed.)</subfield></datafield><datafield ind1=" " ind2=" " tag="260"><subfield code="a">Paris</subfield><subfield code="b">Universite De Paris-sud</subfield><subfield code="c">1976</subfield></datafield><datafield ind1=" " ind2=" " tag="300"><subfield code="a">516 p</subfield></datafield><datafield ind1=" " ind2=" " tag="490"><subfield code="a">Moriond Proceedings</subfield></datafield><datafield ind1=" " ind2=" " tag="852"><subfield code="a">45672</subfield><subfield code="c">539.12</subfield></datafield><datafield ind1=" " ind2=" " tag="CAT"><subfield code="a">SYS</subfield><subfield code="c">20170123</subfield><subfield code="h">180811</subfield></datafield></record></collection>